
@misc{interpol_identity_nodate,
	title = {Identity and travel document fraud},
	url = {https://www.interpol.int/en/Crimes/Counterfeit-currency-and-security-documents/Identity-and-travel-document-fraud},
	author = {{INTERPOL}},
}

@misc{us_customs_and_border_protection_cincinnati_nodate,
	title = {Cincinnati {CBP} Intercepts Thousands of Fraudulent and Counterfeit Documents During {FY}2023},
	url = {https://www.cbp.gov/newsroom/local-media-release/cincinnati-cbp-intercepts-thousands-fraudulent-and-counterfeit},
	author = {{U.S. Customs and Border Protection}},
}

@misc{international_council_on_archives_emergency_nodate,
	title = {Emergency Management and Disaster Preparedness: A Manual for Protecting Archives (2024)},
	url = {https://www.ica.org/app/uploads/2024/10/Emergency-Management-and-Disaster-Preparedness-Manual_FINAL_VERSION_PDFA.pdf?utm_source=chatgpt.com},
	author = {{International Council on Archives}},
}

@misc{geoengineerorg_cologne_nodate,
	title = {Cologne Archive Collapse: How a 0.6m Void Led to Germany’s Costliest Construction Failure (2025)},
	url = {https://www.geoengineer.org/news/cologne-archive-collapse-how-a-06m-void-led-to-germanys-costliest-construction-failure},
	author = {{Geoengineer.org}},
}

@misc{verizon_2024_nodate,
	title = {2024 Data Breach Investigations Report ({DBIR})},
	url = {https://www.verizon.com/business/resources/reports/2024-dbir-data-breach-investigations-report.pdf},
	author = {{Verizon}},
}

@misc{ibm_cost_nodate,
	title = {Cost of a Data Breach 2025 (live report page)},
	url = {https://www.ibm.com/reports/data-breach},
	author = {{IBM}},
}

@misc{ibm_cost_nodate-1,
	title = {Cost of a Data Breach 2024},
	url = {https://www.ibm.com/think/insights/cost-of-a-data-breach-2024-financial-industry},
	author = {{IBM}},
}

@misc{reuters__fbi_complaints_nodate,
	title = {Complaints about ransomware attacks on U.S. infrastructure rose 9\% in 2024},
	url = {https://www.reuters.com/world/us/complaints-about-ransomware-attacks-us-infrastructure-rise-9-fbi-says-2025-04-23/},
	author = {{Reuters — FBI}},
}

@misc{wired_diginotar_nodate,
	title = {{DigiNotar} Files for Bankruptcy in Wake of Devastating Hack},
	url = {https://www.wired.com/2011/09/diginotar-bankruptcy/},
	author = {{WIRED}},
}

@misc{hipaa_journal_verizon_nodate,
	title = {Verizon 2024 {DBIR}: 70\% of healthcare breaches involved internal actors (sector-specific summary)},
	url = {https://www.hipaajournal.com/verizon-2024-data-breach-investigations-report/},
	author = {{HIPAA Journal}},
}

@misc{eur-lex_gdpr_nodate,
	title = {{GDPR} (Regulation ({EU}) 2016/679) official text},
	url = {https://eur-lex.europa.eu/eli/reg/2016/679/oj/eng},
	author = {{EUR-Lex}},
}

@misc{eur-lex_eidas_nodate,
	title = {{eIDAS} (Regulation ({EU}) No 910/2014) consolidated},
	url = {https://eur-lex.europa.eu/eli/reg/2014/910/2024-10-18/eng},
	author = {{EUR-Lex}},
}

@misc{owasp_top_nodate,
	title = {Top 10 (2021)},
	url = {https://owasp.org/Top10/},
	author = {{OWASP}},
}

@misc{owasp_a01_nodate,
	title = {A01: Broken Access Control (2021)},
	url = {https://owasp.org/Top10/A01_2021-Broken_Access_Control/},
	author = {{OWASP}},
}

@misc{world_economic_forum_global_nodate,
	title = {Global Risks Report 2023},
	url = {https://www.weforum.org/publications/global-risks-report-2023},
	author = {{World Economic Forum}},
}

@misc{european_comission_digital_nodate,
	title = {Digital Transformation of {SMEs}},
	url = {https://commission.europa.eu/projects/digital-transformation-smes_en},
	author = {{European Comission}},
}

@misc{unesco_credentials_nodate,
	title = {Credentials fraud now a global threat for universities},
	url = {https://etico.iiep.unesco.org/en/credentials-fraud-now-global-threat-universities},
	author = {{UNESCO}},
}

@misc{ncfa_canada_future_nodate,
	title = {The Future of Remote Online Notarization: Advancements in Security and Efficiency},
	url = {https://ncfacanada.org/the-future-of-remote-online-notarization-advancements-in-security-and-efficiency},
	author = {{NCFA Canada}},
}

@misc{accenture_state_nodate,
	title = {State of Cybersecurity Resilience 2023},
	url = {https://www.accenture.com/us-en/insights/security/state-cybersecurity},
	author = {{ACCENTURE}},
}

@misc{european_comission_eidas_nodate,
	title = {{eIDAS} Regulation},
	url = {https://digital-strategy.ec.europa.eu/en/policies/eidas-regulation},
	author = {{European Comission}},
}

@misc{kadir_canoz_use_nodate,
	title = {Use of electronic medical records in the digital healthcare system and its role in communication and medical information sharing among healthcare professionals},
	url = {https://www.sciencedirect.com/science/article/pii/S2352914823002198},
	author = {{Kadir Canoz}},
}

@misc{grand_view_horizon_global_nodate,
	title = {Global Digital Signature Market Size \& Outlook, 2024-2030},
	url = {https://www.grandviewresearch.com/horizon/outlook/digital-signature-market-size/global},
	author = {{Grand View Horizon}},
}

@misc{acumen_digital_nodate,
	title = {Digital Signature Market Size Growing at 35.4\% {CAGR}},
	url = {https://www.globenewswire.com/news-release/2023/01/30/2598004/0/en/Digital-Signature-Market-Size-Growing-at-35-4-CAGR-Set-to-Reach-USD-48-4-Billion-by-2030.html},
	author = {{Acumen}},
}

@misc{electro_iq_e-signature_nodate,
	title = {E-signature and Digital Document Statistics},
	url = {https://electroiq.com/stats/e-signature-and-digital-document-statistics},
	author = {{Electro IQ}},
}

@misc{doxychain_power_nodate,
	title = {The Power of Blockchain Notarization},
	url = {https://www.doxychain.com/blog/the-power-of-blockchain-notarization-securing-digital-assets-against-deepfakes-and-fraud},
	author = {{DoxyChain}},
}

@misc{deeksha_uikey_blockchain-based_nodate,
	title = {A Blockchain-Based Digital Notary System Provides Reliable and Tamper-Proof Timestamping and Verification Services for Digital Documents: A Review},
	url = {https://pdfs.semanticscholar.org/c1d0/ee0aa761ba214d5c4c899147aab358eace25.pdf][https://powerpatent.com/blog/blockchain-for-document-verification-and-notarization},
	author = {{Deeksha Uikey}},
}

@misc{tejas_chandrakant_mhapankar_future_nodate,
	title = {Future Trends in Blockchain-Based Notarization: From Proof of Existence to Full Document Validation},
	url = {https://harbinengineeringjournal.com/index.php/journal/article/download/4322/2423/6793},
	author = {{Tejas Chandrakant Mhapankar}},
}

@misc{domenico_tortola_scalable_nodate,
	title = {Scalable Data Notarization Leveraging Hybrid {DLTs}},
	url = {https://arxiv.org/abs/2501.04571},
	author = {{Domenico Tortola}},
}

@misc{sutisoft_role_nodate,
	title = {Role of Multi-Factor Authentication in {eSingnatures} for Advanced Security},
	url = {https://www.sutisoft.com/blog/esignature-multifactor-authentication-security/},
	author = {{SutiSoft}},
}

@misc{pingidentity_eight_nodate,
	title = {Eight Benefits of Multi-Factor Authentication ({MFA})},
	url = {https://www.pingidentity.com/en/resources/blog/post/eight-benefits-mfa.html},
	author = {{PingIdentity}},
}

@misc{uplevel_systems_top_nodate,
	title = {Top 10 Benefits of Implementing Multi-Factor Authentication ({MFA}) for Small Businesses},
	url = {https://www.uplevelsystems.com/blog/top-10-benefits-of-implementing-mfa-for-small-businesses},
	author = {{Uplevel Systems}},
}

@misc{pronotary_how_nodate,
	title = {How Law Firms Are Using Remote Online Notarization to Increase Client Satisfaction},
	url = {https://pronotary.com/blog/how-law-firms-are-using-remote-online-notarization-to-increase-client-satisfaction},
	author = {{ProNotary}},
}

@misc{wikipedia_enotary_nodate,
	title = {{ENotary}},
	url = {https://en.wikipedia.org/wiki/ENotary},
	author = {{Wikipedia}},
}

@misc{wikipedia_notario_nodate,
	title = {Notario (firm)},
	url = {https://en.wikipedia.org/wiki/Notario_(firm)},
	author = {{Wikipedia}},
}

@misc{wikipedia_privacy_nodate,
	title = {Privacy and blockchain},
	url = {https://en.wikipedia.org/wiki/Privacy_and_blockchain},
	author = {{Wikipedia}},
}

@misc{alexei_pavlovschii_blocksign_nodate,
	title = {BlockSign Server},
	url = {https://github.com/AlexDandy77/BlockSign-Server},
	author = {{Alexei Pavlovschii}},
}

@misc{vladimir_vitcovschii_blocksign_nodate,
	title = {BlockSign Front-end},
	url = {https://github.com/NeValetik/BlockSign-FrontEnd},
	author = {{Vladimir Vitcovschii}},
}
